@article{FSML,
    author    = "Michal Antkiewicz and Krzysztof Czarnecki",
    title     = "Framework-Specific Modeling Languages with Round-Trip Engineering",
    journal   = "University of Waterloo",
    year      = "2006"
}
 

@article{atl,
    author    = "Frederic Jouault, Freddy Allilaire, Jean Bezivin, Ivan Kurtev",
    title     = "ATL: A model ransformation tool",
    journal   = "Elsevier. Science of Computet Programming",
    year      = "2008"
}

@misc{acceleo,
      title = "Acceleo Home Page",
      month = "April",
      year = "2013",
      howpublished = "\url{http://www.acceleo.org/pages/home/en}"
}

@misc{gplad,
      title = "Gplad Project Page",
      month = "April",
      year = "2013",
      howpublished = "\url{http://code.google.com/p/gplad/}"
}

@misc{intent,
      title = "Android Developer",
      month = "April",
      year = "2013",
      howpublished = "\url{http://developer.android.com/reference/android/content/Intent.html}"
}
 
@misc{jdt,
      title = "Vogella - Eclipse JDT tutorial",
      month = "April",
      year = "2013",
      howpublished = "\url{http://www.vogella.com/articles/EclipseJDT/article.html}"
}

@misc{ast,
      title = "Abstract Syntax Tree, Eclipse article",
      month = "April",
      year = "2013",
      howpublished = "\url{http://www.eclipse.org/articles/article.php?file=Article\-JavaCodeManipulation\_AST/index.html}"
}
 
@misc{xtext,    
      title = "Xtext",
      month = "April",
      year = "2013",
      howpublished = "\url{http://www.eclipse.org/Xtext/}"
}

@misc{emf,
      title = "Eclipse Modelling Framework Home Page",
      month = "April",
      year = "2013",
      howpublished = "\url{http://www.eclipse.org/modeling/emf/}"
}


